\UseRawInputEncoding
@book{Threading,
    title={Threading Concepts},
    author={Lopes, Robert},
    year={Desconocido},
    publisher={New Jersey Institute of Technology},
    url={https://web.njit.edu/~rlopes/Mod11.2.pdf},
}

@article{Dijkstra,
    title={The next fifty years},
    author={Dijkstra, Edsger},
    year={2007},
    publisher={The University of Texas at Austin},
    url={http://www.cs.utexas.edu/users/EWD/transcriptions/EWD12xx/EWD1243a.html},
}

@article{History,
    title={The history of threads},
    author={O'Sullivan, Bryan},
    year={2005},
    url={http://www.serpentine.com/blog/threads-faq/the-history-of-threads/},
}

@book{THilos,
    title={Arquitectura de Computadoras},
    author={Fing/CETP},
    year={Desconocido},
    publiser={Facultad de ingeniería de Universidad de la república},
    url={https://www.fing.edu.uy/tecnoinf/mvd/cursos/arqcomp/material/teo/arq-teo08.pdf},
}

@book{Hilos,
    title={MODERN OPERATING SYSTEMS},
    author={Tanenbaum, Andrew},
    year={Desconocido},
    publisher={VRIJE UNIVERSITEIT AMSTERDAM},
    url={https://www.cs.vu.nl/~ast/books/mos2/sample-2.pdf},
}

@article{quora,
    title={What is the difference between hardware and software threads and how do they "communicate"?},
    author={Khoury, Jeff},
    year={2017},
    publiser={Quora},
    url={https://www.quora.com/What-is-the-difference-between-hardware-and-software-threads-and-how-do-they-communicate},
}

@article{stack,
    title={software threads vs hardware threads},
    author={Múltiples{\ }autores},
    year={2011},
    publiser={stack overflow},
    url={https://stackoverflow.com/questions/5593328/software-threads-vs-hardware-threads},
}